@article{port2007,
    author = {Robert Port},
    title = {How are words stored in memory? Beyond phones and phonemes},
    journal = {New Ideas in Psychology},
    year = {2007},
    volume = {25},
    pages = {143--170}
}

@article{sendlmeier1995,
    author = {Walter F. Sendlmeier},
    title = {Featere, Phoneme, Syllable or Word: How is Speech Mentally Represented},
    journal = {Phonetica},
    year = {1995},
    volume = {52},
    pages = {131--143}
}



@InProceedings{halle1985,
    author = {Morris Halle},
    title = {Speculations about the representation of words in memory},
    journal = {Phonetic linguistics: Essay in honor of Peter Ladefoged},
    year = {1985},
    address = {Orlando, Florida},
    publisher = {Academic Press},
    pages = {101--114}
}

@Article{hartley1928,
  author = {Ralph Vinton Lyon Hartley},
  title = {Transmission of Information},
  journal = {Bell System Technical Journal},
  year = {1928}
}


@Article{shannon1948,
  author = {Claude Elwood Shannon},
  title = {A Mathematical Theory of Communication},
  journal = {Bell System Technical Journal},
  year = {1948}
}

@Book{odden2005,
  author = {David Odden},
  title = {Introducing Phonology},
  publisher = {Cambridge University Press},
  year = {2005}
}

@Article{peterson,
  author = {Gordon E. Peterson and Harold L. Barney},
  title = {Control Methods Used in a Study of the Vowels},
  journal = {The Journal of the Acoustical Society of America},
  year = {1952},
  volume = {24},
  number = {2},
  pages = {175--184},
  month = {March}
}


@Article{miller1956,
  author = {George A. Miller},
  title = {The magical number seven, plus or minus two: Some limits on our capacity for processing information},
  journal = {Psychological Review},
  year = {1956},
  volume = {63},
  number = {2},
  pages = {81--97}
}

@Book{chomsky1968a,
  author = {Noam Chomsky and Morris Halle},
  title = {The Sound Pattern of {E}nglish},
  publisher = {Harper \& Row},
  year = {1968}
}

@article{young,
  author = {G. Young and A.S. Householder},
  title = {Discussion of a set of points in terms of their mutual distances},
  journal = {Psychometrika},
  year = {1938},
  volume = {3},
  pages = {19-22}
}

@book{kruskal,
  Author         = {Joseph B. Kruskal and Myron Wish},
  Title          = {Multidimensional Scaling},
  Publisher      = {Sage},
  year           = {1978}
}

@InProceedings{hualde2004,
  author = {José Ignacio Hualde},
  title = {Quasi-Phonemic Contrasts in Spanish},
  booktitle = {WCCFL 23: Proceedings of the 23rd West Coast Conference on Formal Linguistics},
  pages = {374--398},
  year = {2004},
  editor = {Vineeta Chand and Ann Kelleher and Angelo J. Rodríguez and Benjamin Schmeiser},
  address = {Somerville, MA},
  publisher = {Cascadilla Press}
}

@Unpublished{laboissiere2010,
  author = {Rafael Laboissiere},
  year = {2010},
  note = {preprint}
}


@Book{saussure,
  author = {Ferdinand de Saussure},
  title = {Cours de linguistique générale},
  publisher = {Payot},
  year = {1916}
}

@InProceedings{ladd,
  author = {D. Robert Ladd},
  title = {Distinctive phones in surface representation},
  booktitle = {8th Conference on Laboratory Phonology},
  year = {2002},
  address = {New Haven, Connecticut},
  month = {June}
}

@Book{coulmas,
  author = {Florian Coulmas},
  title = {Writing Systems: An introduction to their linguistic analysis},
  publisher = {Cambridge University Press},
  year = {2003}
}

@Book{jakobson2002,
  author = {Roman Jakobson and Linda R. Waugh},
  title = {The Sound Shape of Language},
  publisher = {Mouton de Gruyter},
  year = {2002}
}

@InBook{jakobson1942,
  author = {Roman Jakobson},
  editor = {Linda R. Waugh and Monique Moville-Burston},
  title = {On Language},
  chapter = {The Concept of Phoneme},
  publisher = {Harvard University Press},
  year = {1942},
  pages = {218-241},
  note = {reprinted}
}


@Book{bybee2001,
  author = {Joan L. Bybee},
  title = {Phonology and Language Use},
  publisher = {Cambridge University Press},
  year = {2001}
}

@InBook{bybee2003,
  author = {Joan L. Bybee},
  editor = {Talmy Giv\{'}on and Bertram F. Malle},
  title = {The evolution of language out of pre-language},
  chapter = {Sequentiality as the basis of constituent structure},
  publisher = {John Benjamins},
  year = {2003},
  pages = {109--132}
}


@book{bybee2007frequency,
  title={Frequency of Use And the Organization of Language},
  author={Joan L. Bybee},
  year={2006},
  publisher={Oxford University Press}
}


@book{mandelbrot,
  author = {L. Apostel and B. Mandelbrot and A. Morf},
  title = {Logique, Langage et Th\'eorie de L'Information},
  publisher = {Presses Universitaires de France},
  year = {1957},
  address = {Paris}
}

@article{port2005,
  author = {Robert Port and Adam Leary},
  title = {Against formal phonology},
  journal = {Language},
  year = {2005},
  month={December}
}

@InBook{port2006,
  author = {Robert Port},
  editor = {Murray Munro and Ocke-Schwen Bohn Eds.},
  title = {Second Language Speech Learning: The Role of Language Experience in Speech Perception and Production},
  chapter = {The graphical basis of phones and phonemes},
  publisher = {John Benjamins},
  year = {2006},
  address = {Amsterdam}
}

@Article{aoyama,
  author = {Katsura Aoyama and James Emil Flege and Susan G. Guion and Reiko Akahane-Yamada and Tsuneo Yamada},
  title = {Perceived phonetic dissimilarity and {L2} speech learning: the case of {J}apanese /r/ and {E}nglish /l/ and /r/},
  journal = {Journal of Phonetics},
  year = {2004},
  volume = {32},
  pages = {233-250}
}


@Book{ladefoged1996,
  author = {Peter Ladefoged and Ian Maddieson},
  title = {The Sounds of the World's Languages},
  publisher = {Wiley-Blackwell},
  year = {1996}
}

@book{chomsky1969,
    author = {Noam Chomsky},
    publisher = {The MIT Press},
    title = {Aspects of the Theory of Syntax},
    year = {1969}
}

@InBook{liberman1972,
  author = {A. M. Liberman and F. S. Cooper and D. P. Shankweiler and M. Studdert-Kennedy},
  editor = {Edward E. David Jr. and Peter B. Denes},
  title = {Human Communications: A Unified View},
  chapter = {Perception of the Speech Code},
  publisher = {McGraw-Hill},
  year = {1972}
}

@Article{liberman1970,
  author = {A. M. Liberman},
  title = {The grammars of speech and language},
  journal = {Cognitive Psychology},
  year = {1970},
  volume = {1},
  number = {4},
  pages = {301-323}
}


@Article{miller1948,
  author = {G. A. Miller and W. G. Taylor},
  title = {The Perception of Repeated Bursts of Noise},
  journal = {The Journal of the Acoustical Society of America},
  year = {1948}
}

@Book{pierpont2002,
  author = {William G. Pierpont},
  title = {The Art and Skill of Radio-Telegraphy},
  publisher = {NOHFF},
  year = {2002}
}

@Article{pollack1952,
  author = {Irwin Pollack},
  title = {The Information of Elementary Auditory Displays},
  journal = {The Journal of the Acoustical Society of America},
  year = {1952},
  volume = {24},
  number = {6},
   pages = {745--749}
}

@Book{maddieson1884,
  author = {Ian Maddieson},
  title = {Patterns of Sounds},
  publisher = {Cambridge University Press},
  year = {1984}
}

@Article{sapir1929,
  author = {E. Sapir},
  title = {The Status of Linguistics as a Science},
  journal = {Language},
  year = {1929},
  volume = {5},
  number = {4},
  pages = {207--214}
}

@Article{frank2008,
  author = {Michael C. Frank and Daniel L. Everett and Evelina Fedorenko and Edward Gibson},
  title = {Number as a cognitive technology: Evidence from {P}irahã language and cognition},
  journal = {Cognition},
  year = {2008},
  volume = {108},
  number = {3}
}

@Article{everett2005,
  author = {Daniel Everett},
  title = {Cultural Constraints on Grammar and Cognition in {P}irahã: Another Look at the Design Features of Human Language},
  journal = {Current Anthropology},
  year = {2005},
  volume = {46},
  pages = {621-646}
}

@InBook{miller1965,
  author = {George A. Miller},
  editor = {George Kingsley Zipf},
  title = {The Psycho-biology of language: an introduction to dynamic philology},
  chapter = {Introduction},
  publisher = {The MIT Press},
  year = {1965}
}

@Book{zipf1935,
  author = {George Kingsley Zipf},
  title = {The Psycho-biology of language: an introduction to dynamic philology},
  publisher = {The MIT Press},
  year = {1935}
}

@Book{zipf1949,
  author = {George Kingsley Zipf},
  title = {Human Behaviour and the Principle of Least Effort: An Introduction to Human Ecology},
  publisher = {Hafner Pub. Co},
  year = {1949}
}

@InBook{bondgarnes,
  author = {Z. S. Bond and S. Garnes},
  editor = {R. Cole},
  title = {Perception and Production of Fluent Speech},
  chapter = {Misperception of fluent speech},
  publisher = {Erlbaum},
  year = {1980},
  address = {N.J.}
}

@InBook{cole1980,
  author = {R. A. Cole and J. Jakimik},
  editor = {R. A. Cole},
  title = {Perception and Production of Fluent Speech},
  chapter = {A model of speech perception},
  publisher = {Lawrence Erlbaum Associates},
  year = {1980},
  address = {Hillsdale, NJ},
  pages = {133-163}
}

@Article{liberman1967,
author = {Alvin Meyer {Li\-ber\-man} and F. S. Cooper and D. P. Shankweiler and M. Studdert-Kennedy},
title = {Perception of the speech code},
journal = {Psychological Review},
year = {1967},
volume = {74},
pages = {431-461}
}


@InBook{studdert1976,
author = {Michael Studdert-Kennedy},
editor = {N. J. Lass},
title = {Contemporary issues in experimental phonetics},
chapter = {Speech perception},
publisher = {Academic Press},
year = {1976},
address = {New York},
pages = {243-293}
}


@InBook{wickelgren1969,
author = {Wayne A. Wickelgren},
editor = {K.N. Leibovic},
title = {Information Processing in the Nervous System},
chapter = {Context-sensitive coding in speech recognition, articulation, and development},
publisher = {Springer-Verlag},
year = {1969},
address = {New York},
pages = {85-95}
}


@InBook{fujimura1978,
author = {Osamu Fujimura and Julie Lovins},
editor = {A. Bell and J. B. Hooper},
title = {Syllables and segments},
chapter = {Syllables as concatenative phonetic elements},
publisher = {North Holland},
year = {1978},
address = {Amsterdam},
pages = {107-120}
}


@Article{klatt1979,
author = {D. Klatt},
title = {Speech perception: A model of acoustic-phonetic analysis and lexical access},
journal = {Journal of Phonetics},
year = {1979},
volume = {7},
pages = {279-312}
}


@InBook{pisoni1982,
author = {D. B. Pisoni},
editor = {A. S. House},
title = {Project {SCAMP} 1981: Acoustic Phonetics and Speech Modeling},
chapter = {In defense of segmental representations in speech processing},
publisher = {Institute for Defense Analyses, Communications Research Division},
year = {1982},
address = {Princeton, NJ}
}


@Article{gabaix1999,
author = {Xavier Gabaix},
title = {Zipf's Law for Cities: An Explanation},
journal = {Quarterly Journal of Economics},
year = {1999},
volume = {114},
number = {3},
pages = {739-67}
}

@Article{suzuki2005,
author = {Sumiyoshi Abe and Norikazu Suzuki},
title = {Scale-free statistics of time interval between successive earthquakes},
journal = {Physica A: Statistical Mechanics and its Applications},
year = {2005},
volume = {350},
number = {2-4},
pages = {588-596}
}


@Article{fujiwara2004,
author = {Yoshi Fujiwara},
title = {Zipf law in firms bankruptcy},
journal = {Physica A: Statistical and Theoretical Physics},
year = {2004},
volume = {337},
number = {1-2},
pages = {219-230}
}
 
@Article{huberman2002,
author = {Lada A. Adamic and Bernardo A. Huberman},
title = {Zipf’s law and the Internet},
journal = {Glottometrics},
year = {2002},
volume = {3},
pages = {143-150}
}

@Article{weiss1998,
author = {Linda Alexander and Roger Johnson and John Weiss},
title = {Exploring Zipf's Law},
journal = {Teaching Mathematics Applications},
year = {1998},
volume = {17},
number = {4},
pages = {155-158}
}

@Article{bloomfield1926,
author = {Leonard Bloomfield},
title = {A set of postulates for the science of language},
journal = {Language 2},
year = {1926}
}

@Article{li1992,
author = {Wentian Li},
title = {Random texts exhibit Zipf's-law-like word frequency distribution},
journal = {IEEE Transactions on Information Theory},
year = {1992},
volume = {38},
number = {6},
pages = {1842-1845}
}


@TechReport{shannon1951,
author = {Claude E. Shannon},
title = {Prediction and entropy of printed English},
institution = {The Bell System Technical Journal},
year = {1951},
number = {30},
pages = {50-64}
}

@Book{good2008,
author = {Jeff Good},
title = {Linguistic Universals and Language Change},
publisher = {Oxford University Press},
year = {2008}
}

@Article{capek1983,
author = {Michael J. Capek},
title = {Phoneme Theory and Umlaut: A Note on the Creation of Knowledge},
journal = {Monatshefte},
year = {1983},
volume = {75},
number = {2},
pages = {126-130}
}


@Article{martinezceldran2004,
author = {Eugenio Mart\'inez-Celdr\'an},
title = {Problems in the classification of approximants},
journal = {Journal of the International Phonetic Association},
year = {2004},
volume = {34},
pages = {201-210}
}


@InProceedings{SilvaAlmeida2005,
author = {Tha\"is Crist\'ofaro-Silva and Leonardo S. de Almeida and Thiago Fraga},
title = {ASPA: a Formulacao de um Banco de Dados de Refer\^encia da Estrutura Sonora do Portugu\^es Contempor\^aneo},
booktitle = {XXV Congresso da Sociedade Brasileira de Computa\c{c}\~ao},
pages = {2268-2277},
year = {2005}
}

@InProceedings{SilvaDenilson,
author = {Denilson C. Silva and Amaro A. de Lima and R. Maia and Daniela Braga and Jo\~ao F. de Moraes and Jo\~ao A. de Moraes and Fernando G. V. Resende Jr.},
title = {A rule-based grapheme-phone converter and stress determination for Brazilian Portuguese natural language processing},
booktitle = {International Telecommunications Symposium},
pages = {550-554},
year = {2006}
}

@INPROCEEDINGS{Bisani03,
    author = {M. Bisani and H. Ney},
    title = {Multigram-based Grapheme-to-Phoneme Conversion for {LVCSR}},
    booktitle = {In Proc. Eurospeech},
    year = {2003},
    pages = {933--936}
}

@InProceedings{Charoenpornsawat,
   author = {Paisarn Charoenpornsawat and Tanja Schultz},
   title = {Example-Based Grapheme-to-Phoneme Conversion for {T}hai},
   booktitle = {INTERSPEECH 2006},
   year = {2006}
}

@Article{flemming2005,
   author = {Edward Flemming},
   title = {Deriving natural classes in phonology},
   journal = {Lingua},
   year = {2005},
   volume = {115},
   number = {3},
   pages = {287-309},
   month = {March}
}

@incollection{steels97,
    author = {Luc Steels},
    title = {Synthesising the Origins of Language and Meaning Using Co-Evolution, Self-Organisation and Level Formation},
    pages = {384--404},
    editor = {J. Hurford and C. Knight and M. Studdert-Kennedy},
    publisher = {Edinburgh University Press},
    year = {1998}
}

@article{deboer01,
  author={Bart de Boer},
  title={Self-organization in vowel systems},
  journal={Journal of Phonetics},
  year={2000},
  month={October},
  volume={28},
  number={4},
  pages={441-465}
}

@InProceedings{mielke2005,
   author = {Jeff Mielke},
   title = {Modeling distinctive feature emergence},
   booktitle = {West Coast Conference on Formal Linguistics XXIV},
   year = {2005}
}


@InBook{coleman2002,
   author = {J. Coleman},
   editor ={J. Durand and B. Laks},
   title = {Phonetics, phonology and cognition},
   chapter = {Phonetic representations in the mental lexicon},
   publisher = {Oxford University Press},
   year = {2002},
   pages = {96-130}
}

@misc{reetz2010,
  author = {Henning Reetz},
  title = {Simple {UPSID} interface},
  institution  = {Institut für Phonetik, Universität Frankfurt},
  year =     2010,
  note =     {[online] \url{http://web.phonetik.uni-frankfurt.de/upsid.html}},
  url = {http://web.phonetik.uni-frankfurt.de/upsid.html}
}

@Book{trubetzkoy,
   author = {Nikolai Sergejewitsch Trubetzkoy},
   title = {Grundzüge der {P}honologie},
   publisher = {Vandenhoeck und Ruprecht},
   year = {1939}
}

@Article{klatt1977,
   author = {Dennis H. Klatt},
   title = {Review of the {ARPA} Speech Understanding Project},
   journal = {The Journal of the Acoustical Society of America},
   year = {1977},
   volume = {62},
   number = {6},
   pages = {1345-1366}
}


@InProceedings{lamel1996,
   author = {Lori Lamel and Gilles Adda},
   title = {On designing pronunciation lexicons for large vocabulary continuous speech recognition},
   booktitle = {ICSLP 96. Proceedings},
   pages = {6--9},
   year = {1996},
   volume = {1}
}

@INPROCEEDINGS{fukada97,
    author = {Toshiaki Fukada and Yoshinori Sagisaka},
    title = {Automatic Generation Of A Pronunciation Dictionary Based On A Pronunciation Network},
    booktitle = {European Conference on Speech Communication and Technology (EuroSpeech 97)},
    year = {1997},
    pages = {2471--2474}
}


@Book{gernsbacher1994,
   author = {Morton Ann Gernsbacher},
   title = {Handbook of Psycholinguistics},
   publisher = {Academic Press},
   year = {1994}
}

@book{kohler1986,
   title={Zur Linguistischen {S}ynergetik: {S}truktur und {D}ynamik der {L}exik},
   author={K{\"o}hler, R.},
   year={1986},
   publisher={Brockmeyer}
}

@InBook{greenberg1966,
  author = {Josheph H. Greenberg and Charles E. Osgood and James J. Jenkins},
  editor ={Josheph H. Greenberg},
  title = {Universals of Language},
  chapter = {Memorandum concerning language universals},
  publisher = {M.I.T. Press},
  year = {1966}
}

@book{chomsky1968b,
	author = {Noam Chomsky},
	title = {Language and Mind},
	year = {1968},
	month = {1968},
	publisher = {Harcourt, Brace and World},
	organization = {Harcourt, Brace and World},
	address = {New York}
}

@book{deacon1997,
  title={The Symbolic Species: The Co-Evolution of Language and the Brain},
  author={Deacon, T.W.},
  series={Science: Linguistics},
  year={1997},
  publisher={W.W. Norton}
}


@INPROCEEDINGS{siravenha2008,
    author = {Ana Carolina Siravenha and Nelson Neto and Valquiria Macedo and Aldebaro Klautau},
    title = {Uso de Regras Fonológicas com Determinação de Vogal Tônica para Conversão Grafema-Fone em Português Brasileiro},
    booktitle = {7th International Information and Telecommunication Technologies Symposium},
    year = {2008}
}


@Article{regier2003,
  author = {Paul Kay and Terry Regier},
  title = {Resolving the question of color naming universals},
  journal = {Proceedings of the National Academy of Sciences},
  year = {2003},
  volume = {100},
  pages = {9085-9089}
}

@InBook{whorf1940,
   author = {Benjamin Whorf},
   editor = {John B. Carroll},
   title = {Language, Thought, and Reality: Selected Writings of {Benjamin Lee Whorf}},
   chapter = {Science and linguistics},
   publisher = {MIT Press},
   year = {1940/1956},
   address = {Cambridge, MA},
   pages = {207-219}
}


@Book{boas1911,
   author = {Franz Boas},
   title = {Handbook of American Indian languages},
   publisher = {Government PrintingOffice},
   year = {1911}
}


@book{pinker2003,
   title={The Language Instinct: The New Science of Language and Mind},
   author={Steven Pinker},
   year={2003},
   publisher={Penguin Books Limited}
}


@article{ramon2003,
   author = {Ramon {Ferrer-i-Cancho} and Ricard V. Solé},
   journal = {PNAS},
   pages = {788--791},
   title = {Least effort and the origins of scaling in human language},
   volume = {100},
   number = {3},
   year = {2003}
}


@article{myung2003,
    author = {Myung, In J.},
    title = {Tutorial on maximum likelihood estimation},
    journal = {Journal of Mathematical Psychology},
    month = {feb},
    number = {1},
    pages = {90--100},
    volume = {47},
    year = {2003}
}


@article{aldrich1997,
    author = {John Aldrich},
    journal = {Statistical Science},
    number = {3},
    pages = {162--176},
    title = {{R. A. Fisher and the Making of Maximum Likelihood 1912-1922}},
    volume = {12},
    year = {1997}
}


@Article{fisher1922,
  author = {Ronald A. Fisher},
  title = {On the Mathematical Foundations of Theoretical Statistics},
  journal = {Philosophical Transactions of the Royal Society of London},
  year = {1922},
  volume = {222},
  pages = {309--368}
}


@article{montemurro2011,
    author = {Marcelo A. Montemurro and Dami\'an H. Zanette},
    journal = {PLoS ONE},
    publisher = {Public Library of Science},
    title = {Universal Entropy of Word Ordering Across Linguistic Families},
    year = {2011},
    month = {05},
    volume = {6},
    pages = {e19875},
    number = {5}
}     

@Article{lempelziv1978,
  author = {Jacob Ziv and Abraham Lempel},
  title = {Compression of individual sequences via variable-rate coding},
  journal = {IEEE Transactions on Information Theory},
  volume    = {24},
  number    = {5},
  year      = {1978},
  pages     = {530-536}
}

@Book{coverthomas1991,
  author = {Thomas M. Cover and Joy A. Thomas},
  title = {Elements of Information Theory},
  publisher = {Wiley-Interscience},
  year = {1991},
  address = {New York, USA}
}


@article{baptiste2011,
	title = {Quantitative analysis of culture using millions of digitized books},
	journal = {Science},
	volume = {331},
	year = {2011},
	pages = {176-182},
	author = {Jean-Baptiste Michel and Y K Shen and A P Aiden and A Veres and M K Gray and The Google Books Team and J P Pickett and D Hoiberg and D Clancy and P Norvig and J Orwant and S Pinker and M Nowak and E Lieberman-Aiden}
}


@article{gale1994,
    author = {William Gale},
    title = {{G}ood-{T}uring Smoothing Without Tears},
    journal = {Journal of Quantitative Linguistics},
    year = {1994},
    volume = {2}
}


@article{Good1953,
  author = {Irving John Good},
  journal = {Biometrika},
  pages = {237-264},
  title = {The population frequencies of species and the estimation of population parameters},
  volume = {40(3-4)},
  year = 1953
}


@article{Lidstone1920,
  author = {George James Lidstone},
  journal = {Transactions of the Faculty of Actuaries},
  pages = {182-192},
  title = {Note on the general case of the bayes-laplace formula for inductive or a posteriori probabilities},
  volume = {8},
  year = {1920}
}


@article{Johnson1932,
  author = {W.E. Johnson},
  journal = {Mind},
  pages = {421-423},
  title = {Probability: deductive and inductive problems},
  volume = {41},
  year = {1932}
}


@book{jeffreys1939theory,
    title={Theory of probability},
    author={Harold Jeffreys},
    series={International series of monographs on physics},
    year={1939},
    publisher={The Clarendon press}
}

@inproceedings{Gale94,
    author = {William A. Gale and Kenneth W. Church},
    title = {What's wrong with adding one},
    booktitle = {Corpus-Based Research into Language. Rodolpi},
    year = {1994}
}

@article{galesampson95,
    author = {William A. Gale and Geoffrey Sampson},
    journal = {Journal of Quantitative Linguistics},
    pages = {217--237},
    title = {Good-Turing frequency estimation without tears},
    volume = {2},
    year = {1995}
}


@Article {Saffran1996,
   title = {Word segmentation: The role of distributional cues},
   author = {Jenny R. Saffran and Elissa L. Newport and Richard N. Aslin},
   journal = {Journal of memory and language},
   year = {1996},
   volume = {35},
   pages = {606-621}
}

@Article{Saffran1999,
  title = {Statistical Learning of Tone Sequences By Human Infants and Adults.},
  author = {Jenny R. Saffran and Elizabeth K. Johnson and Richard N. Aslin and Elissa L. Newport},
  journal = {Cognition},
  volume = 70,
  year = 1999,
  pages = {27-52}
}


@Article{saffran1996b,
   author = {Jenny R. Saffran and Richard N. Aslin and Elissa L. Newport},
   title = {Statistical learning by 8-month-old infants},
   journal = {Science},
   year = {1996},
   volume = {274},
   pages = {1926--1928}
}


@Article{Saffran2003,
  author = 	"Jenny R. Saffran and Diana P. Wilson",
  title = 	"From syllables to syntax: Multi-level statistical learning by 12-month-old infants",  
  journal = "Infancy",
  year = 	2003,
  volume = 	4,
  number = 	2,
  pages = 	"273-284"
}

@Book{givon1979,
  title={On understanding grammar},
  author={Talmy Giv\'on},
  year={1979},
  adress={New York},
  publisher={Academic Press}
}


@Article{hopper1980,
  author = 	"Paul J. Hopper and Sandra A. Thompson",
  title = 	"Transitivity in Grammar and Discourse",  
  journal = 	"Language",
  year = 	1980,
  volume = 	56,
  number = 	2,
  pages = 	"281-299"
}


@Article{hopper1984,
  author = 	"Paul J. Hopper and Sandra A. Thompson",
  title = 	"The Discourse Basis for Lexical Categories in {U}niversal {G}rammar",  
  journal = 	"Language",
  year = 	1984,
  volume = 	60,
  number = 	4,
  pages = 	"703-752"
}


@PhdThesis{frisch1996,
   author = {Stefan Frisch},
   title = {Similarity and frequency in phonology},
   school = {Northwestern University},
   year = {1996}
}


@InBook{pierrehumbert1994,
   author = {Janet Pierrehumbert},
   editor = {Patricia A. Keating},
   title = {Papers in laboratory phonology, vol. 3: Phonological structure and phonetic},
   chapter = {Syllable structure and word structure: A study of triconsonantal clusters in {E}nglish},
   publisher = {Cambridge University Press},
   year = {1994},
   address = {Cambridge},
   pages = {168-190}
}

@article{jurafsky1996,
    author = {Daniel Jurafsky},
    title = {A probabilistic model of lexical and syntactic access and disambiguation},
    journal = {Cognitive Science},
    year = {1996},
    volume = {20},
    pages = {137--194}
}

@article{MacDonald1993,
    author = {Maryellen C. MacDonald},
    title = {The interaction of lexical and syntactic ambiguity},
    journal = {Journal of Memory and Language},
    year = {1993},
    volume = {32},
    pages = {692--715}
}

@MISC{Gregory99theeffects,
    author = {Michelle L. Gregory and William D. Raymond and Alan Bell and Eric Fosler-lussier and Daniel Jurafsky},
    title = {The Effects of Collocational Strength and Contextual Predictability in Lexical Production},
    year = {1999}
}

@article{Brent1996,
    author = {Michael R. Brent and Timothy A. Cartwright},
    title = {Distributional regularity and phonotactic constraints are useful for segmentation},
    journal = {Cognition},
    year = {1996},
    volume = {61},
    pages = {93--125}
}

@book{laplace,
  title={A philosophical essay on probabilities},
  author={Pierre Simon Laplace},
  year={1902},
  publisher={John Wiley \& Sons}
}


@Article{gale1991,
author = {Kenneth W. Church and William A. Gale},
title = {A comparison of the enhanced {G}ood-{T}uring and deleted estimation methods for estimating probabilities of {E}nglish bigrams},
journal = {Computer Speech and Language},
volume = {5},
year = {1991},
pages = {19--54},

}


@book{bod2003,
   title={Probabilistic Linguistics},
   author={Rens Bod and Jennifer Hay and Stefanie Jannedy},
   year={2003},
   publisher={MIT Press}
}


@InBook{pierrehumbert2003,
   author = {Janet B. Pierrehumbert},
   editor = {Rens Bod and Jennifer Hay and Stefanie Jannedy},
   title = {Probabilistic Linguistics},
   chapter = {Probabilistic Phonology: Discrimination and Robustness},
   publisher = {MIT Press},
   year = {2003}
}


@InBook{baayen2003,
   author = {Rolf Harald Baayen},
   editor = {Rens Bod and Jennifer Hay and Stefanie Jannedy},
   title = {Probabilistic Linguistics},
   chapter = {Probabilistic Approaches to Morphology},
   publisher = {MIT Press},
   year = {2003}
}

@book{baayen2001,
   author = {Rolf Harald Baayen},
   title = {Word Frequency Distributions},
   publisher = {Kluwer},
   year = {2001},
   address = {Dordrecht}
}


@InBook{jurafsky2003,
   author = {Dan Jurafsky},
   editor = {Rens Bod and Jennifer Hay and Stefanie Jannedy},
   title = {Probabilistic Linguistics},
   chapter = {Probabilistic Modeling in Psycholinguistics: Linguistic Comprehension and Production},
   publisher = {MIT Press},
   year = {2003}
}

@Article{nadas1985,
   author = {Arthur N\'adas},
   title = {On {T}uring's formula for word probabilities},
   journal = {IEEE Transactions on Acoustics, Speech and Signal Processing},
   year = {1985},
   volume = {33},
   number = {6},
   pages = {1414--1416}
}

@InProceedings{Shoup1988,
   author = {June E. Shoup},
   title = {Phonological Aspects of Speech Recognition},
   booktitle = {Trends in Speech Recognition},
   pages = {125-138},
   year = {1980},
   editor = {W. A. Lea},
   publisher = {Prentice Hall, Englewood Cliffs}
}

@book{labov2006atlas,
  title={The Atlas of North American English: Phonetics, Phonology, and Sound Change : a Multimedia Reference Tool},
  author={William Labov and Sharon Ash and Charles Boberg},
  number={v.1},
  isbn={9783110167467},
  lccn={2005027981},
  series={Topics in English Linguistic Series},
  url={http://books.google.com.br/books?id=qa4-dFqi6iMC},
  year={2006},
  publisher={Mouton De Gruyter}
}

@book{jurafsky2009speech,
  title={Speech and Language Processing: An Introduction to Natural Language Processing, Computational Linguistics, and Speech Recognition},
  author={Daniel Jurafsky and James H. Martin},
  series={Prentice Hall Series in Artificial Intelligence},
  year={2009},
  publisher={Pearson Prentice Hall}
}

@InBook{dresher2011,
author = {B. Elan Dresher},
editor = {Van Oostendorp, M. and Ewen, C.J. and Hume, E.V. and Rice, K.},
title = {The {B}lackwell Companion to Phonology},
chapter = {The Phoneme},
publisher = {John Wiley \& Sons},
year = {2011},
volume = {1},
pages = {241-266}
}

@Misc{cmu2008,
author = {Robert L. Weide},
title = {{Carnegie Mellon Pronouncing Dictionary}, Release 0.7a},
howpublished = "\url{http://www.speech.cs.cmu.edu/}",
year = {2008}
}

@InBook{jurafsky2001,
   author = {Daniel Jurafsky and Alan Bell and Michelle Gregory and William D. Raymond},
   editor = {Joan L. Bybee and Paul Hopper},
   title = {In Frequency and the emergence of linguistic structure},
   chapter = {Probabilistic relations between words: Evidence from reduction in lexical production},
   publisher = {John Benjamins},
   year = {2001},
   address = {Amsterdam},
   pages = {229--254}
}

@Book{olson1994,
   author = {David Olson},
   title = {The World on Paper},
   publisher = {Cambridge University Press},
   year = {1994},
   address = {Cambridge}
}

@InBook{saenger,
   author = {Paul Saenger},
   editor = {D. R. Olson and N. Torrance},
   title = {Literacy and Orality},
   chapter = {The separation of words and the physiology of reading},
   publisher = {Cambridge University Press},
   year = {1991},
   address = {Cambridge},
   pages = {198-214}
}

@book{saenger1997,
   title={Space between words: the origins of silent reading},
   author={Paul H. Saenger},
   year={1997},
   publisher={Stanford University Press}
}

@Article{pombo2002,
   author = {Elena Llamas Pombo},
   title = {Visual Construction of Writing in the Medieval Book},
   journal = {Diogenes},
   year = {2002},
   volume = {49},
   number = {196},
   pages = {31-40},
   month = {December}
}

@book{hagege1986,
   title={La Structure des langues},
   author={Claude Hag\`ege},
   year={1986},
   publisher={Presses universitaires de France}
}

@Book{vygotsky,
   author = {Lev S. Vygotsky},
   title = {Thought and Language},
   publisher = {MIT Press},
   year = {1934},
   address = {Cambridge, MA},
}

@article{Baddeley1975,
   author = {Alan D. Baddeley and Neil Thomson and Mary Buchanan},
   title = {Word length and the structure of short-term memory},
   journal = {Journal of Verbal Learning and Verbal Behavior},
   volume = {14},
   number = {6},
   pages = {575-589},
   year = {1975}
}

@Article{neath1995,
   author = {Ian Neath and James S. Nairne},
   title = {Word-length effects in immediate memory: Overwriting trace decay theory},
   journal = {Psychonomic Bulletin \& Review},
   year = {1995},
   volume = {2},
   number = {4},
   pages = {429-441}
}

@Article{kanter1995,
  title = {Markov Processes: Linguistics and {Z}ipf's Law},
  author = {Ido Kanter and David A. Kessler},
  journal = {Phys. Rev. Lett.},
  volume = {74},
  number = {22},
  pages = {4559--4562},
  numpages = {3},
  year = {1995},
  month = {May},
  doi = {10.1103/PhysRevLett.74.4559},
  publisher = {American Physical Society}
}

@Article{nairne1988,
   author = {James S. Nairne},
   title = {A framework for interpreting recency effects in immediate serial recall},
   journal = {Memory \& Cognition},
   year = {1988},
   volume = {16},
   pages = {343-352}
}

@Article{nairne1990,
   author = {James S. Nairne},
   title = {A feature model of immediate memory},
   journal = {Memory \& Cognition},
   year = {1990},
   volume = {18},
   pages = {251-269}
}

@Article{liberman1957,
   author = {Alvin Meyer Liberman and K.S Harris and H.S. Hoffman and B. C. Griffith},
   title = {The discrimination of speech sounds within and across phoneme boundaries},
   journal = {Journal of Experimental Psychology},
   year = {1957},
   volume = {54},
   pages = {358-368}
}

@Article{kuhl2000,
   author = {P. Iverson and P. K. Kuhl},
   title = {Perceptual magnet and phoneme boundary effects in speech perception: Do they arise from a common mechanism?},
   journal = {Perception \& Psychophysics},
   year = {2000},
   volume = {62},
   number = {4},
   pages = {874--886}
}

@Article{etcoff1992,
   author = {N. L. Etcoff and J. J. Magee},
   title = {Categorical perception of facial expressions},
   journal = {Cognition},
   year = {1992},
   volume = {44},
   pages = {227--240}
}

@article{korda1984,
    author = {M. H. Bornstein and N. O. Korda},
    journal = {Psychological research},
    number = {3},
    pages = {207--222},
    title = {Discrimination and matching within and between hues measured by reaction times: some implications for categorical perception and levels of information processing},
    volume = {46},
    year = {1984}
}


@Article{miller1955,
   author = {G. A. Miller and P. E. Nicely},
   title = {An Analysis of Perceptual Confusions Among Some {E}nglish Consonants},
   journal = {The Journal of the Acoustical Society of America},
   year = {1955},
   volume = {27},
   number = {2},
   pages = {338--352}
}

@Article{tuldava1996,
   author = {Juhan Tuldava},
   title = {The Frequency Spectrum of Text and Vocabulary},
   journal = {Journal of Quantitative Linguistics},
   pages = {38-50},
   year = {1996},
}

@Article{naranan1996,
   author = {V.K. Balasubrahmanyana and S. Naranan},
   title = {Quantitative linguistics and complex system studies},
   journal = {Journal of Quantitative Linguistics},
   year = {1996},
   volume = {3},
   number = {3},
   pages = {177--228}
}


@Article{piotrovskii,
   author = {R. G. Piotrovskii and V. E. Pashkovskii and V. R. Piotrovskii},
   title = {Psychiatric linguistics and automatic text processing},
   journal = {Nauchno-Tekhnicheskaya Informatsiya, Seriya 2},
   year = {1994},
   volume = {28},
   number = {11},
   pages = {21--25}
}


@Article{zipf1942,
   author = {George Kingsley Zipf},
   title = {Children's speech},
   journal = {Science},
   year = {1942},
   volume = {96},
   pages = {344-345}
}

@book{kolguskin1960,
   title={Linguistic and Engineering Studies in Automatic Language Translation of Scientific {R}ussian Into {E}nglish: Technical Report Phase II},
   author={A. N. Kolgu\v{s}kin},
   year={1960},
   publisher={University of Washington Press}
}

@article{ferrer05,
   author={R. {Ferrer-i-Cancho}},
   title={The variation of {Z}ipf's law in human language},
   journal={European Physical Journal B},
   year={2005},
   volume={44},
   number={2},
   pages={249-257},
}

@book{mandelbrot1999,
  title={Multifractals and 1/f noise: wild self-affinity in physics (1963-1976)},
  author={Beno\^it B. Mandelbrot},
  series={Selected works of Benoit B. Mandelbrot},
  year={1999},
  publisher={Springer}
}

@Book{mandelbrot1982,
author = {Beno\^it B. Mandelbrot},
title = {The Fractal geometry of Nature},
publisher = {Freeman},
year = {1982},
address = {New York}
}

@InBook{sedelow1966,
author = {S. Y. Sedelow and W. A. Sedelow},
editor = {J. Leed},
title = {The computer and literary style},
chapter = {A preface to computational stylistics},
publisher = {Kent State University Press},
year = {1966},
pages = {1--13}
}

@Article{tuldava2004,
author = {Juhan Tuldava},
title = {The Development of Statistical Stylistics (A Survey)},
journal = {Journal of Quantitative Linguistics},
year = {2004},
volume = {11},
number = {1--2},
pages = {141--151}
}

@Article{mendenhall1887,
author = {Thomas Corwin Mendenhall},
title = {The characteristic curves of composition},
journal = {Science},
year = {1887},
volume = {9},
number = {214},
pages = {237--249}
}

@Article{mendenhall1901,
author = {Thomas Corwin Mendenhall},
title = {A mechanical solution of a literary problem},
journal = {Popular Science},
year = {1901},
volume = {9},
pages = {97--105}
}

@InProceedings{hancock2004,
author = {Jeffrey T. Hancock and Lauren E. Curry and Saurabh Goorha and Michael T. Woodworth},
title = {Lies in Conversation: An Examination of Deception Using Automated Linguistic Analysis},
booktitle = {Proceedings of the 26th Annual Conference of the Cognitive Science Society},
pages = {534--539},
year = {2004},
volume = {26},
address = {Mahwah, NJ: LEA}
}


@article{cancho2005,
    author = {R. {Ferrer-i-Cancho}},
    journal = {European Physical Journal B},
    number = {2},
    pages = {249--257},
    priority = {2},
    title = {The variation of {Z}ipf's law in human language},
    volume = {44},
    year = {2005}
}

@book{pulvermuller2003,
  title={The Neuroscience of Language: On Brain Circuits of Words and Serial Order},
  author={Pulverm{\"u}ller, F.},
  year={2003},
  publisher={Cambridge University Press}
}

@book{manning1999,
   title={Foundations of Statistical Natural Language Processing},
   author={Christopher D. Manning and Hinrich Sch{\"u}tze},
   year={1999},
   publisher={Mit Press}
}

@book{hockett1960,
   title={A course in modern linguistics},
   author={Charles Francis Hockett},
   year={1960},
   publisher={Macmillan}
}

@InBook{cancho2006,
   author = {R. {Ferrer-i-Cancho}},
   editor = {P. Grzybek and R. K{\"o}hler},
   title = {Exact methods in the study of language and text. In honor of Gabriel Altmann},
   chapter = {On the universality of Zipf's law for word frequencies},
   publisher = {Gruyter},
   year = {2006},
   address = {Berlin},
   pages = {131--140}
}

@article{nowak2000,
   author = {Martin A. Nowak and Joshua B. Plotkin and Vincent A. A. Jansen},
   journal = {Nature},
   pages = {495--498},
   title = {The evolution of syntactic communication},
   volume = {404},
   year = {2000}
}

@article{nowak2002,
  author={Martin A. Nowak and Natalia L. Komarova and Partha Niyogi},
  title={Computational and evolutionary aspects of language},
  journal={Nature},
  year={2002},
  month={June},
  day={6},
  volume={417},
  pages={611-617}
}


@InProceedings{menzerath1928,
   author = {Paul Menzerath},
   title = {\"Uber einige phonetische {P}robleme},
   booktitle = {Actes du premier Congres International de Linguistes},
   pages = {104--105},
   year = {1928},
   address = {Sijthoff: Leiden}
}

@book{menzerath1954,
  title={Die Architektonik des deutschen Wortschatzes},
  author={Paul Menzerath},
  year={1954},
  publisher={F. D{\"u}mmler}
}


@Article{altmann1980,
   author = {Gabriel Altmann},
   title = {Prolegomena to {M}enzerath's law},
   journal = {Glottometrika},
   year = {1980},
   volume = {2},
   pages = {1--10}
}

@inproceedings{mandelbrot1953,
    author = {Beno\^it B. Mandelbrot},
    booktitle = {Communication Theory},
    editor = {Jackson, Betterworth W.},
    pages = {486--502},
    title = {{An informational theory of the statistical structure of languages}},
    year = {1953}
}


@InCollection{mandelbrot1965,
  author =       {Beno\^it B. Mandelbrot},
  editor =       {B. B. Wolman and E. N. Nagel},
  booktitle =    {Scientific Psychology: Principles and Approaches},
  title =        {Information theory and psycholinguistics},
  publisher =    {Basic Books Publishing},
  pages =        {550--562},
  year =         {1965}
}


@article{manin2009,
  author    = {Dmitrii Yu. Manin},
  title     = {{M}andelbrot's Model for {Z}ipf's Law: Can {M}andelbrot's Model Explain {Z}ipf's Law for Language?},
  journal   = {Journal of Quantitative Linguistics},
  volume    = {16},
  number    = {3},
  year      = {2009},
  pages     = {274-285}
}

@article{manin2008,
  author    = {Dmitrii Yu. Manin},
  title     = {{Z}ipf's Law and Avoidance of Excessive Synonymy},
  journal   = {Cognitive Science: A Multidisciplinary Journal},
  volume    = {32},
  number    = {7},
  year      = {2008},
  pages     = {1075--1098}
}

@book{altmann1989,
  title={{Das Menzerathsche Gesetz in informationsverarbeitenden Systemen}},
  author={Gabriel Altmann and M.H. Schwibbe and W. Kaumanns},
  year={1989},
  publisher={Olms}
}

@book{kohler2005,
  title={Quantitative {L}inguistik /Quantitative Linguistics: Ein Internationales {H}andbuch /An International Handbook},
  author={R. K{\"o}hler and G. Altmann and R.G. Piotrovski{\u\i}},
  year={2005},
  publisher={De Gruyter}
}

@article{buk2007,
  author    = {Solomiya Buk and Andrij A. Rovenchak},
  title     = {{Menzerath-Altmann} Law for Syntactic Structures in {U}krainian},
  journal   = {CoRR},
  year      = {2007}
}

@inproceedings{grzybek2006,
  author    = {Peter Grzybek and Ernst Stadlober and Emmerich Kelih},
  title     = {The Relationship of Word Length and Sentence Length: The Inter-Textual Perspective},
  year      = {2006},
  pages     = {611-618}
}

@InBook{altmann1983,
  author = {Gabriel Altmann and Hans Arens},
  editor = {Manfred Faust and Roland Harweg and Werner Lehfeldt and G{\"o}tz Wienold},
  title = {Allgemeine {S}prachwissenschaft, {S}prachtypologie und {T}extlinguistik. Festschrift f{\"u}r {Peter Hartmann}},
  chapter = {,,{V}erborgene {O}rdnung'' und das {M}enzerathsche {G}esetz},
  publisher = {Narr},
  year = {1983},
  address = {Tübingen},
  pages = {31--39}
}

@InProceedings{yoshida1989,
  author = {Kazunaga Yoshida and Takao Watanabe and Shinji Koga},
  title = {Large vocabulary word recognition based on demi-syllable hidden {M}arkov model using small amount of training data},
  booktitle = {International Conference on Acoustics, Speech, and Signal Processing},
  year = {1989},
  pages = {1--4},
  volume = {1}
}

@article{samuelsson1996,
  author    = {Christer Samuelsson},
  title     = {Relating {T}uring's Formula and {Z}ipf's Law},
  journal   = {CoRR},
  volume    = {cmp-lg/9606013},
  year      = {1996},
  ee        = {http://arxiv.org/abs/cmp-lg/9606013},
  bibsource = {DBLP, http://dblp.uni-trier.de}
}

@techreport{during2008,
  title = {A Boltzmann-type Approach to the Formation of Wealth Distribution Curves},
  author = {Bertram D\"{u}ring and Daniel Matthes and Giuseppe Toscani},
  year = {2008},
  institution = {Center of Finance and Econometrics, University of Konstanz},
  number = {08-05},
}

@book{bak1999,
  title={How Nature Works: The Science of Self-organized Criticality},
  author={Per Bak},
  series={Copernicus Series},
  year={1999},
  publisher={Springer}
}

@article{vanLeijenhorst,
 author = {Leijenhorst, D. C. van and Weide, Th. P. van der and Grootjen, F.A.},
 title = {A formal derivation of {H}eaps' Law},
 journal = {Information Sciences},
 volume = {170},
 number = {2-4},
 year = {2005},
 pages = {263--272},
 publisher = {Elsevier Science Inc.},
 address = {New York, NY, USA},
} 

@article{linyua2010,
  author = {Linyuan L\"{u} and Zi-Ke Zhang and Tao Zhou},
  title = {{Z}ipf's Law Leads to {H}eaps' Law: Analyzing Their Relation in Finite-Size Systems},
  journal = {PLoS ONE},
  year = {2010},
  volume = {5},
  pages = {e14139},
  number = {12},
  month = {12},
  publisher = {Public Library of Science},
}

@article{grignetti,
  author = {Mario Grignetti},
  title = {A Note on the Entropy of Words in Printed English},
  journal = {Information and Control},
  year = {1964},
  volume = {7},
  pages = {304--306}
}

@Article{miller1957,
author = {George A. Miller},
title = {Some Effects of Intermittent Silence},
journal = {The American Journal of Psychology},
volume = {70},
number = {2},
month = {Jun},
year = {1957},
pages = {311-314}
}


@article{cristelli2012,
   author = {Matthieu Cristelli and Michael Batty and Luciano Pietronero},
   journal = {Scientific Reports},
   title = {There is More than a {P}ower Law in {Z}ipf},
   volume = {2},
   year = {2012}
}


@article{whaley1978,
   author = {C. P. Whaley},
   title = {Word-nonword classification time},
   journal = {Journal of Verbal Learning and Verbal Behavior},
   pages = {143-154},
   volume = {17},
   year = {1978}
}

@article{grainger90,
  author = {J. Grainger},
  title = {{Word Frequency and Neighborhood Frequency Effects in Lexical Decision and Naming}},
  journal = {Journal of Memory and Language},
  volume = {29},
  pages = {228--244},
  year = {1990}
}

@article{saly1989,
  author = {Sally Andrews},
  title = {Frequency and neighbohood effects on lexical access: {A}ctivation or search?},
  journal = {Journal of Experimental Psychology: Learning, Memory, and Cognition},
  number = {5},
  volume = {15},
  pages = {802--814},
  year = {1989}
}

@book{chomsky1957,
  author = {Noam Chomsky},
  title = {Syntactic Structures},
  publisher = {Mouton},
  year = {1957}
}

@article{mandelbrot1954,
  author = {Beno\^it Mandelbrot},
  title = {Structure formelle des textes et communications},
  journal = {Word},
  volume = {10},
  pages = {1--27},
  year = {1954}
}

@book{wilden2001,
  title={System and Structure: Essays in Communication and Exchange},
  author={Anthony Wilden},
  series={International Behavioural and Social Sciences Classics from the Tavistock Press, 96},
  year={2001},
  publisher={Routledge}
}

@INPROCEEDINGS{wang2004,
    author = {William S.-Y. Wang and Jinyun Ke and James W. Minett},
    title = {Computational studies of language evolution},
    booktitle = {Computational linguistics and Beyond},
    editor = {C.R. Huang and W. Lenders},
    publisher = {Academia Sinica: Institute of Linguistics},
    year = {2004}
}

@article{hurford89,
  author={J. Hurford},
  title={Biological evolution of the Saussurean sign as a component of the language acquisition device},
  journal={Lingua},
  year={1989},
  volume={77},
  number={2},
  pages={187-222}
}

@book{schneier1996,
  title={Applied cryptography: protocols, algorithms, and source code in {C}},
  author={Bruce Schneier},
  year={1996},
  publisher={Wiley}
}

@article{kello2010,
  title={Scaling laws in cognitive sciences},
  author={Christopher T. Kello and Gordon D.A. Brown and Ramon {Ferrer-i-Cancho} and John G. Holden and Klaus {Linkenkaer-Hansen} and Theo Rhodes and Guy C. Van Orden},
  journal = {Trends in Cognitive Sciences},
  year={2010},
  volume={14},
  number={5},
  pages={223-232}
}

@article{lacquaniti1983,
  title = {The Law Relating The Kinematic and Figural Aspects of Drawing Movements},
  author = {Francesco Lacquaniti and Carlo Terzuolo and Paolo Viviani},
  journal = {Acta Psychologica},
  year = {1983},
  volume = {54},
  pages = {115-130}
}

@article{stevens1957,
  title = {On the Psychophysical Law},
  author = {Stanley Smith Stevens},
  journal = {Psychological Review},
  year = {1957},
  volume = {64},
  pages = {153-181}
}

@article{copelli2007,
  title = {Excitable scale free networks},
  author = {Mauro Copelli and Paulo R. A. Campos},
  journal = {The European Physical Journal B: Condensed Matter and Complex Systems},
  year = {2007},
  volume = {56},
  pages = {273-278}
}


@article{harris1988,
  title = {Signal-dependent noise determines motor planning},
  author = {Christopher M. Harris and Daniel M. Wolpert},
  journal = {Nature},
  year = {1988},
  volume = {394},
  pages = {780-784}
}

@article{gordon2007,
  title = {A Temporal Ratio Model of Memory},
  author = {Gordon D. A. Brown and Ian Neath},
  journal = {Psychological Review},
  year = {2007},
  volume = {114},
  number = {3},
  pages = {539-576}
}

@article{cancho2010,
  title = {Random Texts Do Not Exhibit the Real {Z}ipf’s Law-Like Rank Distribution},
  author = {Ramon {Ferrer-i-Cancho} and Brita Elvev\r{a}g},
  journal = {PLoS ONE},
  year = {2010},
  volume = {5},
  number = {3},
  pages = {e9411+}
}

@article{cancho2009,
  title = {The frequency spectrum of finite samples from the intermittent silence process},
  author = {Ramon {Ferrer-i-Cancho} and Ricard Gavald{\`a}},
  journal = {Journal of the American Society for Information Science and Technology},
  year = {2009},
  volume = {60},
  number = {4},
  pages = {837-843}
}

@article{cancho2002,
  title = {Zipf's Law and Random Texts},
  author = {Ramon {Ferrer-i-Cancho} and Ricard V. Sol{\'e}},
  journal = {Advances in Complex Systems},
  year = {2002},
  volume = {5},
  number = {1},
  pages = {1-6}
}

@techreport{chen98,
    author = {Stanley F. Chen and Joshua Goodman},
    title = {An Empirical Study of Smoothing Techniques for Language Modeling},
    institution = {Computer Science Group, Harvard University},
    year = {1998}
}

@InCollection{turcotte,
author = {D. Turcotte},
title = {Fractals in geology and geophysics},
booktitle = {Fractals in Geophysics},
pages = {171-196},
publisher = {Birkhauser Verlag},
year = {1989},
editor = {C. Scholz and B. Mandelbrot},
address = {Basel}
}

@Article{paczuski,
author = {Sergei Maslov and Maya Paczuski and Per Bak},
title = {Avalanches and 1/f noise in evolution and growth models},
journal = {Physical Review Letters},
year = {1994},
volume = {73},
pages = {2162-2165}
}

@Article{havlin1995,
title = {The distance between {Z}ipf plots},
author = {Shlomo Havlin},
year = {1995},
journal = {Physica A: Statistical Mechanics and its Applications},
volume = {216},
number = {1},
pages = {148-150},
}

@article{mccowan1999,
   author = {Brenda {McCowan} and Sean F. Hanser and Laurance R. Doyle},
   title = {Quantitative tools for comparing animal communication systems: information theory applied to bottlenose dolphin whistle repertoires},
   journal = {Animal Behaviour},
   year = {1999},
   volume = {57},
   pages = {409--419}
}


@article{mantegna1994,
   title={Linguistic features of noncoding {DNA} sequences},
   author = {Rosario Nunzio Mantegna and SV Buldyrev and AL Goldberger and S Havlin and CK Peng and M Simons and HE Stanley},
   journal={Physical review letters},
   volume={73},
   number={23},
   pages={3169--3172},
   year={1994},
   publisher={American Physical Society}
}



@INPROCEEDINGS{biemann2007,
author = {Chris Biemann},
title = {A Random Text Model for the Generation of Statistical Language Invariants},
booktitle = {Proceedings of HLT-NAACL-07},
year = {2007},
address = {Rochester, NY, USA}
}


@book{donalddavidson,
  title={Truth, Language, and History},
  author={Donald Davidson},
  year={2005},
  publisher={Oxford University Press}
}


@Book{humboldt1836,
  author      = {Wilhelm von Humboldt},
  editor      = {Michael Losonsky},
  translator  = {Peter Heath},
  title       = {The Heterogeneity of Language and its Influence on the Intellectual Development of Mankind ({\"U}ber die {V}erschiedenheit des menschlichen {S}prachbaus und ihren {E}influss auf die geistige {E}ntwicklung des {M}enschengeschlechts)},
  publisher   = {Cambridge University Press},
  year        = {1836}
}


@article{michel2011,
  author={Jean-Baptiste Michel and Yuan K. Shen and Aviva P. Aiden and Adrian Veres and Matthew K. Gray and The Google Books Team and Joseph P. Pickett and Dale Hoiberg and Dan Clancy and Peter Norvig and Jon Orwant and Steven Pinker and Martin A. Nowak and Erez L. Aiden},
  title={Quantitative Analysis of Culture Using Millions of Digitized Books},
  journal={Science},
  year={2011},
  month={January 14},
  volume={331},
  number={6014},
  pages={176--182},
  doi={10.1126/science.1199644},
  url={http://groups.lis.illinois.edu/amag/langev/paper/michel2011googleBooksSCIENCE.html}
}

@misc{projectgutenberg,
    author = {},
    key = {Project Gutenberg},
    howpublished = {http://www.gutenberg.org/},
    title = {{Project Gutenberg}},
    type = {Digital Library},
    year = {2013},
    url = {http://www.gutenberg.org/}
}


@TechReport{khmaladze1987,
author = {Estate V. Khmaladze},
title = {The statistical analysis of large number of rare events},
institution = {Dept. Math. Statist. CWI},
year = {1987},
address = {Amsterdam},
}


@Article{mandelbrot1963,
author = {Benoit Mandelbrot},
title = {The Variation of Certain Speculative Prices},
journal = {The Journal of Business},
year = {1963},
volume = {36},
number = {4},
pages = {394--419}
}


@Article{ellis2002,
author = {Nick C. Ellis},
title = {Frequency effects in language processing: A review with implications for theories of implicit and explicit language acquisition},
journal = {Studies in Second Language Acquisition},
year = {2002},
volume = {24},
number = {2},
pages = {143--188}
}



@InBook{pierrehumbert2001,
author = {Janet Pierrehumbert},
editor = {Joan L. Bybee and Paul J. Hopper},
title = {Frequency and the emergence of linguistic structure},
chapter = {Exemplar dynamics: Word frequency, lenition, and contrast},
publisher = {John Benjamins},
year = {2001},
address = {Amsterdam},
pages = {137--157}
}

@PhdThesis{ferrari1983,
author = {Sandra Ferrari Disner},
title = {Vowel Quality: The relation between Universal and Language-specific Factors},
school = {UCLA: Department of Linguistics},
year = {1983}
}


@InBook{grotjan2007,
author = {Rüdiger Grotjan and Gabriel Altmann},
editor = {Reinhard K\"{o}hler and Burghard B. Rieger},
title = {Contributions to Quantitative Linguistics},
chapter = {Modelling the Distribution of Word Length: Some Methodological Problems},
publisher = {Springer Publishing Company, Incorporated},
year = {2007},
pages = {141--153}
}


@Article{wang1996,
author = {David A. Freedman and William Wang},
title = {Language polygenesis: A probabilistic model},
journal = {Anthropological Science},
year = {1996},
volume = {104},
number = {2},
pages = {131--137}
}

@Book{wang1991,
author = {William S.-Y. Wang},
title = {Explorations in Language},
publisher = {Pyramid Press},
year = {1991}
}

@article{baek2011,
author = {Seung Ki Baek and Sebastian Bernhardsson and Petter Minnhagen},
title = {{Z}ipf's law unzipped},
journal = {New Journal of Physics},
volume = {13},
number = {4},
year = {2011}
}


@article{dalattre1955,
   author = {P. C. Dalattre and A. M. Liberman and F. S. Cooper},
   title = {Acoustic loci and transitional cues for consonants},
   journal = {Journal of the Acoustical Society of America},
   year = {1955},
   volume = {27},
   pages = {769--773}
}


